101021000021 12345678902602281441A094101DEST BANK              ORIGIN COMPANY                 
5220MyCompany Inc                       1234567890CCDPayments        260228   1021000020000001
622021000021000000000001     0000010000Recipient001            0021000020000001               
705INV000001 Payment for services                                                  00010000001
622021000021000000000002     0000010000Recipient002            0021000020000002               
705INV000002 Payment for services                                                  00020000002
622021000021000000000003     0000010000Recipient003            0021000020000003               
705INV000003 Payment for services                                                  00030000003
622021000021000000000004     0000010000Recipient004            0021000020000004               
705INV000004 Payment for services                                                  00040000004
622021000021000000000005     0000010000Recipient005            0021000020000005               
705INV000005 Payment for services                                                  00050000005
622021000021000000000006     0000010000Recipient006            0021000020000006               
705INV000006 Payment for services                                                  00060000006
622021000021000000000007     0000010000Recipient007            0021000020000007               
705INV000007 Payment for services                                                  00070000007
622021000021000000000008     0000010000Recipient008            0021000020000008               
705INV000008 Payment for services                                                  00080000008
622021000021000000000009     0000010000Recipient009            0021000020000009               
705INV000009 Payment for services                                                  00090000009
622021000021000000000010     0000010000Recipient010            0021000020000010               
705INV000010 Payment for services                                                  00100000010
622021000021000000000011     0000010000Recipient011            0021000020000011               
705INV000011 Payment for services                                                  00110000011
622021000021000000000012     0000010000Recipient012            0021000020000012               
705INV000012 Payment for services                                                  00120000012
622021000021000000000013     0000010000Recipient013            0021000020000013               
705INV000013 Payment for services                                                  00130000013
622021000021000000000014     0000010000Recipient014            0021000020000014               
705INV000014 Payment for services                                                  00140000014
622021000021000000000015     0000010000Recipient015            0021000020000015               
705INV000015 Payment for services                                                  00150000015
622021000021000000000016     0000010000Recipient016            0021000020000016               
705INV000016 Payment for services                                                  00160000016
622021000021000000000017     0000010000Recipient017            0021000020000017               
705INV000017 Payment for services                                                  00170000017
622021000021000000000018     0000010000Recipient018            0021000020000018               
705INV000018 Payment for services                                                  00180000018
622021000021000000000019     0000010000Recipient019            0021000020000019               
705INV000019 Payment for services                                                  00190000019
622021000021000000000020     0000010000Recipient020            0021000020000020               
705INV000020 Payment for services                                                  00200000020
622021000021000000000021     0000010000Recipient021            0021000020000021               
705INV000021 Payment for services                                                  00210000021
622021000021000000000022     0000010000Recipient022            0021000020000022               
705INV000022 Payment for services                                                  00220000022
622021000021000000000023     0000010000Recipient023            0021000020000023               
705INV000023 Payment for services                                                  00230000023
622021000021000000000024     0000010000Recipient024            0021000020000024               
705INV000024 Payment for services                                                  00240000024
622021000021000000000025     0000010000Recipient025            0021000020000025               
705INV000025 Payment for services                                                  00250000025
622021000021000000000026     0000010000Recipient026            0021000020000026               
705INV000026 Payment for services                                                  00260000026
622021000021000000000027     0000010000Recipient027            0021000020000027               
705INV000027 Payment for services                                                  00270000027
622021000021000000000028     0000010000Recipient028            0021000020000028               
705INV000028 Payment for services                                                  00280000028
622021000021000000000029     0000010000Recipient029            0021000020000029               
705INV000029 Payment for services                                                  00290000029
622021000021000000000030     0000010000Recipient030            0021000020000030               
705INV000030 Payment for services                                                  00300000030
622021000021000000000031     0000010000Recipient031            0021000020000031               
705INV000031 Payment for services                                                  00310000031
622021000021000000000032     0000010000Recipient032            0021000020000032               
705INV000032 Payment for services                                                  00320000032
622021000021000000000033     0000010000Recipient033            0021000020000033               
705INV000033 Payment for services                                                  00330000033
622021000021000000000034     0000010000Recipient034            0021000020000034               
705INV000034 Payment for services                                                  00340000034
622021000021000000000035     0000010000Recipient035            0021000020000035               
705INV000035 Payment for services                                                  00350000035
622021000021000000000036     0000010000Recipient036            0021000020000036               
705INV000036 Payment for services                                                  00360000036
622021000021000000000037     0000010000Recipient037            0021000020000037               
705INV000037 Payment for services                                                  00370000037
622021000021000000000038     0000010000Recipient038            0021000020000038               
705INV000038 Payment for services                                                  00380000038
622021000021000000000039     0000010000Recipient039            0021000020000039               
705INV000039 Payment for services                                                  00390000039
622021000021000000000040     0000010000Recipient040            0021000020000040               
705INV000040 Payment for services                                                  00400000040
622021000021000000000041     0000010000Recipient041            0021000020000041               
705INV000041 Payment for services                                                  00410000041
622021000021000000000042     0000010000Recipient042            0021000020000042               
705INV000042 Payment for services                                                  00420000042
622021000021000000000043     0000010000Recipient043            0021000020000043               
705INV000043 Payment for services                                                  00430000043
622021000021000000000044     0000010000Recipient044            0021000020000044               
705INV000044 Payment for services                                                  00440000044
622021000021000000000045     0000010000Recipient045            0021000020000045               
705INV000045 Payment for services                                                  00450000045
622021000021000000000046     0000010000Recipient046            0021000020000046               
705INV000046 Payment for services                                                  00460000046
622021000021000000000047     0000010000Recipient047            0021000020000047               
705INV000047 Payment for services                                                  00470000047
622021000021000000000048     0000010000Recipient048            0021000020000048               
705INV000048 Payment for services                                                  00480000048
622021000021000000000049     0000010000Recipient049            0021000020000049               
705INV000049 Payment for services                                                  00490000049
622021000021000000000050     0000010000Recipient050            0021000020000050               
705INV000050 Payment for services                                                  00500000050
622021000021000000000051     0000010000Recipient051            0021000020000051               
705INV000051 Payment for services                                                  00510000051
622021000021000000000052     0000010000Recipient052            0021000020000052               
705INV000052 Payment for services                                                  00520000052
622021000021000000000053     0000010000Recipient053            0021000020000053               
705INV000053 Payment for services                                                  00530000053
622021000021000000000054     0000010000Recipient054            0021000020000054               
705INV000054 Payment for services                                                  00540000054
622021000021000000000055     0000010000Recipient055            0021000020000055               
705INV000055 Payment for services                                                  00550000055
622021000021000000000056     0000010000Recipient056            0021000020000056               
705INV000056 Payment for services                                                  00560000056
622021000021000000000057     0000010000Recipient057            0021000020000057               
705INV000057 Payment for services                                                  00570000057
622021000021000000000058     0000010000Recipient058            0021000020000058               
705INV000058 Payment for services                                                  00580000058
622021000021000000000059     0000010000Recipient059            0021000020000059               
705INV000059 Payment for services                                                  00590000059
622021000021000000000060     0000010000Recipient060            0021000020000060               
705INV000060 Payment for services                                                  00600000060
622021000021000000000061     0000010000Recipient061            0021000020000061               
705INV000061 Payment for services                                                  00610000061
622021000021000000000062     0000010000Recipient062            0021000020000062               
705INV000062 Payment for services                                                  00620000062
622021000021000000000063     0000010000Recipient063            0021000020000063               
705INV000063 Payment for services                                                  00630000063
622021000021000000000064     0000010000Recipient064            0021000020000064               
705INV000064 Payment for services                                                  00640000064
622021000021000000000065     0000010000Recipient065            0021000020000065               
705INV000065 Payment for services                                                  00650000065
622021000021000000000066     0000010000Recipient066            0021000020000066               
705INV000066 Payment for services                                                  00660000066
622021000021000000000067     0000010000Recipient067            0021000020000067               
705INV000067 Payment for services                                                  00670000067
622021000021000000000068     0000010000Recipient068            0021000020000068               
705INV000068 Payment for services                                                  00680000068
622021000021000000000069     0000010000Recipient069            0021000020000069               
705INV000069 Payment for services                                                  00690000069
622021000021000000000070     0000010000Recipient070            0021000020000070               
705INV000070 Payment for services                                                  00700000070
622021000021000000000071     0000010000Recipient071            0021000020000071               
705INV000071 Payment for services                                                  00710000071
622021000021000000000072     0000010000Recipient072            0021000020000072               
705INV000072 Payment for services                                                  00720000072
622021000021000000000073     0000010000Recipient073            0021000020000073               
705INV000073 Payment for services                                                  00730000073
622021000021000000000074     0000010000Recipient074            0021000020000074               
705INV000074 Payment for services                                                  00740000074
622021000021000000000075     0000010000Recipient075            0021000020000075               
705INV000075 Payment for services                                                  00750000075
622021000021000000000076     0000010000Recipient076            0021000020000076               
705INV000076 Payment for services                                                  00760000076
622021000021000000000077     0000010000Recipient077            0021000020000077               
705INV000077 Payment for services                                                  00770000077
622021000021000000000078     0000010000Recipient078            0021000020000078               
705INV000078 Payment for services                                                  00780000078
622021000021000000000079     0000010000Recipient079            0021000020000079               
705INV000079 Payment for services                                                  00790000079
622021000021000000000080     0000010000Recipient080            0021000020000080               
705INV000080 Payment for services                                                  00800000080
622021000021000000000081     0000010000Recipient081            0021000020000081               
705INV000081 Payment for services                                                  00810000081
622021000021000000000082     0000010000Recipient082            0021000020000082               
705INV000082 Payment for services                                                  00820000082
622021000021000000000083     0000010000Recipient083            0021000020000083               
705INV000083 Payment for services                                                  00830000083
622021000021000000000084     0000010000Recipient084            0021000020000084               
705INV000084 Payment for services                                                  00840000084
622021000021000000000085     0000010000Recipient085            0021000020000085               
705INV000085 Payment for services                                                  00850000085
622021000021000000000086     0000010000Recipient086            0021000020000086               
705INV000086 Payment for services                                                  00860000086
622021000021000000000087     0000010000Recipient087            0021000020000087               
705INV000087 Payment for services                                                  00870000087
622021000021000000000088     0000010000Recipient088            0021000020000088               
705INV000088 Payment for services                                                  00880000088
622021000021000000000089     0000010000Recipient089            0021000020000089               
705INV000089 Payment for services                                                  00890000089
622021000021000000000090     0000010000Recipient090            0021000020000090               
705INV000090 Payment for services                                                  00900000090
622021000021000000000091     0000010000Recipient091            0021000020000091               
705INV000091 Payment for services                                                  00910000091
622021000021000000000092     0000010000Recipient092            0021000020000092               
705INV000092 Payment for services                                                  00920000092
622021000021000000000093     0000010000Recipient093            0021000020000093               
705INV000093 Payment for services                                                  00930000093
622021000021000000000094     0000010000Recipient094            0021000020000094               
705INV000094 Payment for services                                                  00940000094
622021000021000000000095     0000010000Recipient095            0021000020000095               
705INV000095 Payment for services                                                  00950000095
622021000021000000000096     0000010000Recipient096            0021000020000096               
705INV000096 Payment for services                                                  00960000096
622021000021000000000097     0000010000Recipient097            0021000020000097               
705INV000097 Payment for services                                                  00970000097
622021000021000000000098     0000010000Recipient098            0021000020000098               
705INV000098 Payment for services                                                  00980000098
622021000021000000000099     0000010000Recipient099            0021000020000099               
705INV000099 Payment for services                                                  00990000099
622021000021000000000100     0000010000Recipient100            0021000020000100               
705INV000100 Payment for services                                                  01000000100
627021000021999999999999     0001000000OFFSET ACCOUNT          0021000020000101               
822000020102121002020000010000000000010000001234567890                   021000020000001      
9000001000021000002010212100202000001000000000001000000                                       
